@INPROCEEDINGS{7307530, author={M. B. A. {Miah} and M. A. {Yousuf}}, booktitle={2015 International Conference on Electrical Engineering and Information Communication Technology (ICEEICT)}, title={Detection of lung cancer from CT image using image processing and neural network}, year={2015}, volume={}, number={}, pages={1-6},}
}

@INPROCEEDINGS{5752535, author={F. {Taher} and R. {Sammouda}}, booktitle={2011 IEEE GCC Conference and Exhibition (GCC)}, title={Lung cancer detection by using artificial neural network and fuzzy clustering methods}, year={2011}, volume={}, number={}, pages={295-298},}

@article{COVID-19,
  title={{Chinese Clinical Guidance for COVID-19 Pneumonia Diagnosis and Treatment (7th edition)}},
  author={China National Health Commission},
  year={2020}
}